@misc{bochkovskiy2020yolov4,
      title={YOLOv4: Optimal Speed and Accuracy of Object Detection}, 
      author={Alexey Bochkovskiy and Chien-Yao Wang and Hong-Yuan Mark Liao},
      year={2020},
      eprint={2004.10934},
      archivePrefix={arXiv},
      primaryClass={cs.CV}
}

@article{Bewley_2016,
   title={Simple online and realtime tracking},
   ISBN={9781467399616},
   url={http://dx.doi.org/10.1109/ICIP.2016.7533003},
   DOI={10.1109/icip.2016.7533003},
   journal={2016 IEEE International Conference on Image Processing (ICIP)},
   publisher={IEEE},
   author={Bewley, Alex and Ge, Zongyuan and Ott, Lionel and Ramos, Fabio and Upcroft, Ben},
   year={2016},
   month={Sep}
}

@article{article,
author = {Luna, Elena and Sanmiguel, J.C. and Ortego, D. and Martínez, José},
year = {2018},
month = {12},
pages = {4290},
title = {Abandoned Object Detection in Video-Surveillance: Survey and Comparison},
volume = {18},
journal = {Sensors},
doi = {10.3390/s18124290}
}

@article{DBLP:journals/spm/PlataniotisR05,
  author    = {Konstantinos N. Plataniotis and
               Carlo S. Regazzoni},
  title     = {Visual-centric surveillance networks and services [Guest Editorial]},
  journal   = {{IEEE} Signal Process. Mag.},
  volume    = {22},
  number    = {2},
  pages     = {12--15},
  year      = {2005},
  url       = {https://doi.org/10.1109/MSP.2005.1406464},
  doi       = {10.1109/MSP.2005.1406464},
  timestamp = {Wed, 24 Feb 2021 15:26:53 +0100},
  biburl    = {https://dblp.org/rec/journals/spm/PlataniotisR05.bib},
  bibsource = {dblp computer science bibliography, https://dblp.org}
}

@inproceedings{Wojke2017simple,
  title={Simple Online and Realtime Tracking with a Deep Association Metric},
  author={Wojke, Nicolai and Bewley, Alex and Paulus, Dietrich},
  booktitle={2017 IEEE International Conference on Image Processing (ICIP)},
  year={2017},
  pages={3645--3649},
  organization={IEEE},
  doi={10.1109/ICIP.2017.8296962}
}

@misc{lin2015microsoft,
      title={Microsoft COCO: Common Objects in Context}, 
      author={Tsung-Yi Lin and Michael Maire and Serge Belongie and Lubomir Bourdev and Ross Girshick and James Hays and Pietro Perona and Deva Ramanan and C. Lawrence Zitnick and Piotr Dollár},
      year={2015},
      eprint={1405.0312},
      archivePrefix={arXiv},
      primaryClass={cs.CV}
}

@article{Kuznetsova_2020,
   title={The Open Images Dataset V4},
   volume={128},
   ISSN={1573-1405},
   url={http://dx.doi.org/10.1007/s11263-020-01316-z},
   DOI={10.1007/s11263-020-01316-z},
   number={7},
   journal={International Journal of Computer Vision},
   publisher={Springer Science and Business Media LLC},
   author={Kuznetsova, Alina and Rom, Hassan and Alldrin, Neil and Uijlings, Jasper and Krasin, Ivan and Pont-Tuset, Jordi and Kamali, Shahab and Popov, Stefan and Malloci, Matteo and Kolesnikov, Alexander and et al.},
   year={2020},
   month={Mar},
   pages={1956–1981}
}

@misc{cuda-gpus,
  note =	 {\url{https://developer.nvidia.com/cuda-gpus} [Último acceso 21/noviembre/2020]},
  title =	 {NVIDIA CUDA GPUs Compute Capability}
}

@misc{inst-conda,
  note =	 {\url{https://www.anaconda.com/products/individual} [Último acceso 04/julio/2020]},
  title =	 {Descarga del instalador de Anaconda para Linux}
}

@misc{aboda-dataset,
  note =	 {\url{https://github.com/kevinlin311tw/ABODA} [Último acceso 09/agosto/2020]},
  title =	 {Acceso al repositorio de la base de datos ABODA}
}

@misc{AVSSAB2007-dataset,
  note =	 {\url{http://www.eecs.qmul.ac.uk/~andrea/avss2007_d.html} [Último acceso 13/junio/2020]},
  title =	 {Acceso a la base de datos AVSSAB2007}
}

@misc{pets2007-dataset,
  note =	 {\url{http://www.cvg.reading.ac.uk/PETS2007/data.html} [Último acceso 24/octubre/2020]},
  title =	 {Acceso a la base de datos PETS2007}
}

@misc{gba-dataset,
  note =	 {\url{https://bit.ly/3aVlGZL} [Último acceso 17/diciembre/2020]},
  title =	 {Acceso a la base de datos GBA2018}
}

@INPROCEEDINGS {padillaCITE2020,
    author    = {R. {Padilla} and S. L. {Netto} and E. A. B. {da Silva}},
    title     = {A Survey on Performance Metrics for Object-Detection Algorithms}, 
    booktitle = {2020 International Conference on Systems, Signals and Image Processing (IWSSIP)}, 
    year      = {2020},
    pages     = {237-242}
}

@misc{OIDv4_ToolKit,
  title={Toolkit to download and visualize single or multiple classes from the huge Open Images Dataset v4},
  author={Vittorio, Angelo},
  year={2018},
  publisher={Github},
  journal={GitHub repository},
  howpublished={\url{https://github.com/EscVM/OIDv4_ToolKit}},
}

@misc{darknet13,
  author =   {Joseph Redmon},
  title =    {Darknet: Open Source Neural Networks in C},
  howpublished = {\url{http://pjreddie.com/darknet/}},
  year = {2013--2016}
}

@misc{confusion-matrix,
  author =   {Joydwip Mohajon},
  title =    {Confusion Matrix for Your Multi-Class Machine Learning Model},
  howpublished = {\url{https://cutt.ly/AlBPiXj}},
  year = {2020}
}






